@book{abu2012learning,
title={Learning from data},
author={Abu-Mostafa, Yaser S and Magdon-Ismail, Malik and Lin, Hsuan-Tien},
volume={4},
year={2012},
publisher={AMLBook Singapore}
}

@book{algebra,
title={Linear Algebra for Engineers and Scientists},
author={Hardy, Kenneth},
volume={1},
year={2005},
publisher={Pearson Prentice Hall}
}

@book{prob,
title={Introduction to Probability},
author={Blitzstein, Joseph K and Hwang, Jessica},
volume={1},
year={2015},
publisher={CRC Press}
}

@book{kalkulus,
title={Kalkulus},
author={Lindstrom, Tom},
volume={1},
year={2006},
publisher={universitetsforlaget}
}

@book{datamining,
title={A Short Course in Data Mining},
author={Igel, Christian},
volume={1},
year={2010},
publisher={DIKU}
}

